@article{Eigen1971,
  title={Selforganization of matter and the evolution of biological macromolecules},
  author={Eigen, Manfred},
  journal={Naturwissenschaften},
  volume={58},
  number={10},
  pages={465--523},
  year={1971},
  publisher={Springer}
}

@article{Knuth1968,
  title={Semantics of Context-free Languages},
  author={Knuth, Donald E},
  journal={Mathematical Systems Theory},
  volume={2},
  number={2},
  pages={127--145},
  year={1968},
  publisher={Springer}
}

@inproceedings{CW77,
  author    = {Larry Carter and
               Mark N. Wegman},
  title     = {Universal Classes of Hash Functions (Extended Abstract)},
  booktitle = {{STOC}},
  pages     = {106--112},
  publisher = {{ACM}},
  year      = {1977}
}


 @article{HooLinWig06,
  title={Expander graphs and their applications},
  author={Hoory, Shlomo and Linial, Nathan and Wigderson, Avi},
  journal={Bulletin of the American Mathematical Society},
  volume={43},
  number={4},
  pages={439--561},
  year={2006}
}

@misc{NieChu00,
  title={Quantum computation and quantum information},
  author={Nielsen, Michael A and Chuang, Isaac},
  year={2002},
  publisher={AAPT}
}

@article{GurUmaVad09,
  title={Unbalanced expanders and randomness extractors from Parvaresh--Vardy codes},
  author={Guruswami, Venkatesan and Umans, Christopher and Vadhan, Salil},
  journal={Journal of the ACM (JACM)},
  volume={56},
  number={4},
  pages={20},
  year={2009},
  publisher={ACM}
}

@article{Siegel04,
  title={On universal classes of extremely random constant-time hash functions},
  author={Siegel, Alan},
  journal={SIAM Journal on Computing},
  volume={33},
  number={3},
  pages={505--543},
  year={2004},
  publisher={SIAM}
}

%%%%%%%%%%%%%% PSI

@InProceedings{KaltofenSaunders91,
author="Kaltofen, Erich
and David Saunders, B.",
editor="Mattson, Harold F.
and Mora, Teo
and Rao, T. R. N.",
title="On wiedemann's method of solving sparse linear systems",
booktitle="Applied Algebra, Algebraic Algorithms and Error-Correcting Codes",
year="1991",
publisher="Springer Berlin Heidelberg",
address="Berlin, Heidelberg",
pages="29--38",
isbn="978-3-540-38436-6"
}

@article{Bouman2018NewPF,
  title={New Protocols for Secure Linear Algebra: Pivoting-Free Elimination and Fast Block-Recursive Matrix Decomposition},
  author={Niek J. Bouman and Niels de Vreede},
  journal={IACR Cryptology ePrint Archive},
  year={2018},
  volume={2018},
  pages={703}
}

@article{GJR10,
author = {Grigorescu, Elena and Jung, Kyomin and Rubinfeld, Ronitt},
title = {A Local Decision Test for Sparse Polynomials},
year = {2010},
issue_date = {September 2010},
publisher = {Elsevier North-Holland, Inc.},
address = {USA},
volume = {110},
number = {20},
issn = {0020-0190},
url = {https://doi.org/10.1016/j.ipl.2010.07.012},
doi = {10.1016/j.ipl.2010.07.012},
journal = {Inf. Process. Lett.},
month = sep,
pages = {898–901},
numpages = {4},
keywords = {Multivariate polynomials, Sparsity tests, Randomized algorithms}
}
  



@misc{berke2020assessing,
    title={Assessing Disease Exposure Risk with Location Data: A Proposal for Cryptographic Preservation of Privacy},
    author={Alex Berke and Michiel Bakker and Praneeth Vepakomma and Kent Larson and Alex 'Sandy' Pentland},
    year={2020},
    eprint={2003.14412},
    archivePrefix={arXiv},
    primaryClass={cs.CR},
     url = {https://arxiv.org/abs/2003.14412}
}



@article{minsky03,
  author    = {Yaron Minsky and
               Ari Trachtenberg and
               Richard Zippel},
  title     = {Set reconciliation with nearly optimal communication complexity},
  journal   = {{IEEE} Trans. Information Theory},
  volume    = {49},
  number    = {9},
  pages     = {2213--2218},
  year      = {2003},
  url       = {https://doi.org/10.1109/TIT.2003.815784},
  doi       = {10.1109/TIT.2003.815784},
  timestamp = {Sun, 28 May 2017 13:18:34 +0200},
  biburl    = {https://dblp.org/rec/bib/journals/tit/MinskyTZ03},
  bibsource = {dblp computer science bibliography, https://dblp.org}
}

@InProceedings{kis05,
author="Kissner, Lea
and Song, Dawn",
editor="Shoup, Victor",
title="Privacy-Preserving Set Operations",
booktitle="Advances in Cryptology -- CRYPTO 2005",
year="2005",
publisher="Springer Berlin Heidelberg",
address="Berlin, Heidelberg",
pages="241--257",
isbn="978-3-540-31870-5"
}



@InProceedings{gho19a,
author="Ghosh, Satrajit
and Nilges, Tobias",
editor="Ishai, Yuval
and Rijmen, Vincent",
title="An Algebraic Approach to Maliciously Secure Private Set Intersection",
booktitle="Advances in Cryptology -- EUROCRYPT 2019",
year="2019",
publisher="Springer International Publishing",
address="Cham",
pages="154--185",
isbn="978-3-030-17659-4"
}

@inproceedings{kol17,
author = {Kolesnikov, Vladimir and Matania, Naor and Pinkas, Benny and Rosulek, Mike and Trieu, Ni},
title = {Practical Multi-Party Private Set Intersection from Symmetric-Key Techniques},
year = {2017},
isbn = {9781450349468},
publisher = {Association for Computing Machinery},
address = {New York, NY, USA},
url = {https://doi.org/10.1145/3133956.3134065},
doi = {10.1145/3133956.3134065},
booktitle = {Proceedings of the 2017 ACM SIGSAC Conference on Computer and Communications Security},
pages = {1257–1272},
numpages = {16},
keywords = {private set intersection, oblivious prf, secure multiparty computation},
location = {Dallas, Texas, USA},
series = {CCS ’17}
}

@InProceedings{haz17,
author="Hazay, Carmit
and Venkitasubramaniam, Muthuramakrishnan",
editor="Fehr, Serge",
title="Scalable Multi-party Private Set-Intersection",
booktitle="Public-Key Cryptography -- PKC 2017",
year="2017",
publisher="Springer Berlin Heidelberg",
address="Berlin, Heidelberg",
pages="175--203",
isbn="978-3-662-54365-8"
}



%%%%%%%%%%%%%%%%%%%%%%%%55
@ARTICLE{IEEETIT:Elgamal85, author={T. {Elgamal}}, journal={IEEE Transactions on Information Theory}, title={A public key cryptosystem and a signature scheme based on discrete logarithms}, year={1985}, volume={31}, number={4}, pages={469-472},} 

@INPROCEEDINGS{IEEESP:Meadows86, author={C. {Meadows}}, booktitle={1986 IEEE Symposium on Security and Privacy}, title={A More Efficient Cryptographic Matchmaking Protocol for Use in the Absence of a Continuously Available Third Party}, year={1986}, volume={}, number={}, pages={134-134},} 

@ARTICLE{elg85,
author={Taher Elgamal},
journal={IEEE Transactions on Information Theory},
title={A public key cryptosystem and a signature scheme based on discrete logarithms},
year={1985},
volume={31},
number={4},
pages={469-472},
keywords={Cryptography;Logarithmic arithmetic;Digital signatures;Galois fields;Helium;Information security;Information systems;Milling machines;Public key;Public key cryptography},
doi={10.1109/TIT.1985.1057074},
ISSN={0018-9448},
month={Jul}
}

@InProceedings{can01b,
author="Canetti, Ran
and Krawczyk, Hugo",
editor="Pfitzmann, Birgit",
title="Analysis of Key-Exchange Protocols and Their Use for Building Secure Channels",
booktitle="Advances in Cryptology --- EUROCRYPT 2001",
year="2001",
publisher="Springer Berlin Heidelberg",
address="Berlin, Heidelberg",
pages="453--474",
isbn="978-3-540-44987-4"
}

@InProceedings{bla17,
author="Blazy, Olivier
and Chevalier, C{\'e}line
and Germouty, Paul",
editor="Gollmann, Dieter
and Miyaji, Atsuko
and Kikuchi, Hiroaki",
title="Almost Optimal Oblivious Transfer from QA-NIZK",
booktitle="Applied Cryptography and Network Security",
year="2017",
publisher="Springer International Publishing",
address="Cham",
pages="579--598",
isbn="978-3-319-61204-1"
}


@article{par08,
author = { Abhishek   Parakh },
title = {Oblivious Transfer Based on Key Exchange},
journal = {Cryptologia},
volume = {32},
number = {1},
pages = {37-44},
year  = {2008},
publisher = {Taylor & Francis},
doi = {10.1080/01611190701593228},
URL = {https://doi.org/10.1080/01611190701593228},
eprint = { https://doi.org/10.1080/01611190701593228}
}


@inproceedings{can14,
 author = {Canetti, Ran and Jain, Abhishek and Scafuro, Alessandra},
 title = {Practical UC Security with a Global Random Oracle},
 booktitle = {Proceedings of the 2014 ACM SIGSAC Conference on Computer and Communications Security},
 series = {CCS '14},
 year = {2014},
 isbn = {978-1-4503-2957-6},
 location = {Scottsdale, Arizona, USA},
 pages = {597--608},
 numpages = {12},
 url = {http://doi.acm.org/10.1145/2660267.2660374},
 doi = {10.1145/2660267.2660374},
 acmid = {2660374},
 publisher = {ACM},
 address = {New York, NY, USA}
} 

@InProceedings{cam18,
author="Camenisch, Jan
and Drijvers, Manu
and Gagliardoni, Tommaso
and Lehmann, Anja
and Neven, Gregory",
editor="Nielsen, Jesper Buus
and Rijmen, Vincent",
title="The Wonderful World of Global Random Oracles",
booktitle="Advances in Cryptology -- EUROCRYPT 2018",
year="2018",
publisher="Springer International Publishing",
address="Cham",
pages="280--312",
isbn="978-3-319-78381-9"
}


@InProceedings{app09,
author="Applebaum, Benny
and Cash, David
and Peikert, Chris
and Sahai, Amit",
editor="Halevi, Shai",
title="Fast Cryptographic Primitives and Circular-Secure Encryption Based on Hard Learning Problems",
booktitle="Advances in Cryptology - CRYPTO 2009",
year="2009",
publisher="Springer Berlin Heidelberg",
address="Berlin, Heidelberg",
pages="595--618",
isbn="978-3-642-03356-8"
}



@Article{liu18,
author="Liu, Momeng
and Hu, Yupu",
title="Universally composable oblivious transfer from ideal lattice",
journal="Frontiers of Computer Science",
year="2018",
month="Oct",
day="16",
issn="2095-2236",
doi="10.1007/s11704-018-6507-4",
url="https://doi.org/10.1007/s11704-018-6507-4"
}
@misc{gen17,
    author = {Ziya Alper Genç and Vincenzo Iovino and Alfredo Rial},
    title = {"The Simplest Protocol for Oblivious Transfer'' Revisited},
    howpublished = {Cryptology ePrint Archive, Report 2017/370},
    year = {2017},
    note = {\url{https://eprint.iacr.org/2017/370}},
}


@InProceedings{dav12a,
author="David, Bernardo Machado
and Nascimento, Anderson C. A.
and M{\"u}ller-Quade, J{\"o}rn",
editor="Smith, Adam",
title="Universally Composable Oblivious Transfer from Lossy Encryption and the McEliece Assumptions",
booktitle="Information Theoretic Security",
year="2012",
publisher="Springer Berlin Heidelberg",
address="Berlin, Heidelberg",
pages="80--99",
abstract="Oblivious transfer (OT) is a primitive of great importance in two-party and multi-party computation. We introduce a general construction of universally composable (UC) oblivious transfer protocols based on lossy cryptosystems in the common reference string (CRS) model, yielding protocols under several assumptions. In order to achieve this, we show that for most known lossy encryption constructions it is possible to distinguish between lossy and injective public keys given the corresponding secret key, similarly to dual-mode encryption in messy mode.",
isbn="978-3-642-32284-6"
}



@InProceedings{pei14,
author="Peikert, Chris",
editor="Mosca, Michele",
title="Lattice Cryptography for the Internet",
booktitle="Post-Quantum Cryptography",
year="2014",
publisher="Springer International Publishing",
address="Cham",
pages="197--219",
isbn="978-3-319-11659-4"
}


@inproceedings{yao86,
 author = {Yao, Andrew Chi-Chih},
 title = {How to Generate and Exchange Secrets},
 booktitle = {Proceedings of the 27th Annual Symposium on Foundations of Computer Science},
 series = {SFCS '86},
 year = {1986},
 isbn = {0-8186-0740-8},
 pages = {162--167},
 numpages = {6},
 url = {https://doi.org/10.1109/SFCS.1986.25},
 doi = {10.1109/SFCS.1986.25},
 acmid = {1382944},
 publisher = {IEEE Computer Society},
 address = {Washington, DC, USA}
} 


@Article{liu17,
author="Liu, Mo-meng
and Kr{\"a}mer, Juliane
and Hu, Yu-pu
and Buchmann, Johannes",
title="Quantum security analysis of a lattice-based oblivious transfer protocol",
journal="Frontiers of Information Technology {\&} Electronic Engineering",
year="2017",
month="Sep",
day="01",
volume="18",
number="9",
pages="1348--1369",
issn="2095-9230",
doi="10.1631/FITEE.1700039",
url="https://doi.org/10.1631/FITEE.1700039"
}

@misc{flu16,
    author = {Scott Fluhrer},
    title = {Cryptanalysis of ring-LWE based key exchange with key share reuse},
    howpublished = {Cryptology ePrint Archive, Report 2016/085},
    year = {2016},
    note = {\url{https://eprint.iacr.org/2016/085}}
}

@InProceedings{din18,
author="Ding, Jintai
and Fluhrer, Scott
and Rv, Saraswathy",
editor="Susilo, Willy
and Yang, Guomin",
title="Complete Attack on RLWE Key Exchange with Reused Keys, Without Signal Leakage",
booktitle="Information Security and Privacy",
year="2018",
publisher="Springer International Publishing",
address="Cham",
pages="467--486",
isbn="978-3-319-93638-3"
}

@INPROCEEDINGS{din17,
author={J. Ding and S. Alsayigh and R. V. Saraswathy and S. Fluhrer and X. Lin},
booktitle={2017 IEEE International Conference on Communications (ICC)},
title={Leakage of signal function with reused keys in RLWE key exchange},
year={2017},
volume={},
number={},
pages={1-6},
keywords={cryptographic protocols;public key cryptography;secret recovery;attack success;KE protocol;RLWE key exchange protocols;reused public key;information Leakage;ring-learning with errors key exchange;signal function leakage;Protocols;Public key;Gaussian distribution;Information systems;DH-HEMTs;RLWE;key exchange;post quantum;key reuse;active attacks},
doi={10.1109/ICC.2017.7996806},
ISSN={1938-1883},
month={May},}



@INPROCEEDINGS{doe18,
author = {J. Doerner and Y. Kondi and E. Lee and a. shelat},
booktitle = {2018 IEEE Symposium on Security and Privacy (SP)},
title = {Secure Two-party Threshold {ECDSA} from {ECDSA} Assumptions},
year = {2018},
volume = {00},
number = {},
pages = {595-612},
keywords={ECDSA;Multiparty-Computation;Threshold-Cryptography;Elliptic-Curve-Cryptography;Concrete-Efficiency},
doi = {10.1109/SP.2018.00036},
url = {doi.ieeecomputersociety.org/10.1109/SP.2018.00036},
ISSN = {2375-1207},
month={}
}

@misc{hau17,
    author = {Eduard Hauck and Julian Loss},
    title = {Efficient and Universally Composable Protocols for Oblivious Transfer from the {CDH} Assumption},
    howpublished = {Cryptology ePrint Archive, Report 2017/1011},
    year = {2017},
    note = {\url{https://eprint.iacr.org/2017/1011}},
}

@misc{kop18,
    author = {Philipp Koppermann and Eduard Pop and Johann Heyszl and Georg Sigl},
    title = {18 Seconds to Key Exchange: Limitations of Supersingular Isogeny Diffie-Hellman on Embedded Devices},
    howpublished = {Cryptology ePrint Archive, Report 2018/932},
    year = {2018},
    note = {\url{https://eprint.iacr.org/2018/932}},
}

@InProceedings{den17,
author="Deneuville, Jean-Christophe
and Gaborit, Philippe
and Z{\'e}mor, Gilles",
editor="Lange, Tanja
and Takagi, Tsuyoshi",
title="Ouroboros: A Simple, Secure and Efficient Key Exchange Protocol Based on Coding Theory",
booktitle="Post-Quantum Cryptography ",
year="2017",
publisher="Springer International Publishing",
address="Cham",
pages="18--34",
abstract="We introduce Ouroboros (The Ouroboros symbol is an ancient symbol which represents the notion of cyclicity in many civilizations), a new Key Exchange protocol based on coding theory. The protocol gathers the best properties of the recent MDPC-McEliece and HQC protocols for the Hamming metric: simplicity of decoding and security reduction, based on a double cyclic structure. This yields a simple, secure and efficient approach for key exchange. We obtain the same type of parameters (and almost the same simple decoding) as for MDPC-McEliece, but with a security reduction to decoding random quasi-cyclic codes in the Random Oracle Model.",
isbn="978-3-319-59879-6"
}



@misc{bya17,
    author = {Megha Byali and Arpita Patra and Divya Ravi and Pratik Sarkar},
    title = {Fast and Universally-Composable Oblivious Transfer and Commitment Scheme with Adaptive Security},
    howpublished = {Cryptology ePrint Archive, Report 2017/1165},
    year = {2017},
    note = {\url{https://eprint.iacr.org/2017/1165}},
}

@InProceedings{dam08,
author="Damg{\aa}rd, Ivan
and Nielsen, Jesper Buus
and Orlandi, Claudio",
editor="Lee, Pil Joong
and Cheon, Jung Hee",
title="Essentially Optimal Universally Composable Oblivious Transfer",
booktitle="Information Security and Cryptology -- ICISC 2008",
year="2009",
publisher="Springer Berlin Heidelberg",
address="Berlin, Heidelberg",
pages="318--335",
isbn="978-3-642-00730-9"
}


@misc{bar18,
    author = {Paulo Barreto and Glaucio Oliveira and Waldyr Benits},
    title = {Supersingular Isogeny Oblivious Transfer },
    howpublished = {Cryptology ePrint Archive, Report 2018/459},
    year = {2018},
    note = {\url{https://eprint.iacr.org/2018/459}},
}

@InProceedings{cre87,
author="Cr{\'e}peau, Claude",
editor="Pomerance, Carl",
title="Equivalence Between Two Flavours of Oblivious Transfers",
booktitle="Advances in Cryptology --- CRYPTO '87",
year="1988",
publisher="Springer Berlin Heidelberg",
address="Berlin, Heidelberg",
pages="350--354",
isbn="978-3-540-48184-3"
}





@misc{bar17,
    author = {Paulo S. L. M. Barreto and Bernardo David and Rafael Dowsley and Kirill Morozov and Anderson C. A. Nascimento},
    title = {A Framework for Efficient Adaptively Secure Composable Oblivious Transfer in the {ROM}},
    howpublished = {Cryptology ePrint Archive, Report 2017/993},
    year = {2017},
    note = {\url{https://eprint.iacr.org/2017/993}},
}

@misc{din12,
    author = {Jintai Ding and Xiang Xie and Xiaodong Lin},
    title = {A Simple Provably Secure Key Exchange Scheme Based on the Learning with Errors Problem},
    howpublished = {Cryptology ePrint Archive, Report 2012/688},
    year = {2012},
    note = {\url{https://eprint.iacr.org/2012/688}},
}

@InProceedings{can03,
author="Canetti, Ran
and Kushilevitz, Eyal
and Lindell, Yehuda",
editor="Biham, Eli",
title="On the Limitations of Universally Composable Two-Party Computation without Set-up Assumptions",
booktitle="Advances in Cryptology --- EUROCRYPT 2003",
year="2003",
publisher="Springer Berlin Heidelberg",
address="Berlin, Heidelberg",
pages="68--86",
isbn="978-3-540-39200-2"
}





@InProceedings{cho15,
author="Chou, Tung
and Orlandi, Claudio",
editor="Lauter, Kristin
and Rodr{\'i}guez-Henr{\'i}quez, Francisco",
title="The Simplest Protocol for Oblivious Transfer",
booktitle="Progress in Cryptology -- LATINCRYPT 2015",
year="2015",
publisher="Springer International Publishing",
address="Cham",
pages="40--58",
isbn="978-3-319-22174-8"
}

@article{sho97,
author = {Peter W. Shor},
title = {Polynomial-Time Algorithms for Prime Factorization and Discrete Logarithms on a Quantum Computer},
journal = {SIAM Journal on Computing},
volume = {26},
number = {5},
pages = {1484-1509},
year = {1997},
doi = {10.1137/S0097539795293172},
URL = {https://doi.org/10.1137/S0097539795293172},
eprint = { https://doi.org/10.1137/S0097539795293172}

}

@inproceedings{nissim06,
  title={Communication efficient secure linear algebra},
  author={Nissim, Kobbi and Weinreb, Enav},
  booktitle={Theory of Cryptography Conference},
  pages={522--541},
  year={2006},
  organization={Springer}
}

@inproceedings{Kiltz07,
  author    = {Eike Kiltz and
               Payman Mohassel and
               Enav Weinreb and
               Matthew K. Franklin},
  editor    = {Salil P. Vadhan},
  title     = {Secure Linear Algebra Using Linearly Recurrent Sequences},
  booktitle = {Theory of Cryptography, 4th Theory of Cryptography Conference, {TCC}
               2007, Amsterdam, The Netherlands, February 21-24, 2007, Proceedings},
  series    = {Lecture Notes in Computer Science},
  volume    = {4392},
  pages     = {291--310},
  publisher = {Springer},
  year      = {2007},
  url       = {https://doi.org/10.1007/978-3-540-70936-7\_16},
  doi       = {10.1007/978-3-540-70936-7\_16},
  timestamp = {Sun, 02 Jun 2019 21:21:22 +0200},
  biburl    = {https://dblp.org/rec/conf/tcc/KiltzMWF07.bib},
  bibsource = {dblp computer science bibliography, https://dblp.org}
}



@inproceedings{kil88,
 author = {Kilian, Joe},
 title = {Founding Cryptography on Oblivious Transfer},
 booktitle = {Proceedings of the Twentieth Annual ACM Symposium on Theory of Computing},
 series = {STOC '88},
 year = {1988},
 isbn = {0-89791-264-0},
 location = {Chicago, Illinois, USA},
 pages = {20--31},
 numpages = {12},
 url = {http://doi.acm.org/10.1145/62212.62215},
 doi = {10.1145/62212.62215},
 acmid = {62215},
 publisher = {ACM},
 address = {New York, NY, USA}
} 

@InProceedings{can01a,
author="Canetti, Ran
and Fischlin, Marc",
editor="Kilian, Joe",
title="Universally Composable Commitments",
booktitle="Advances in Cryptology --- CRYPTO 2001",
year="2001",
publisher="Springer Berlin Heidelberg",
address="Berlin, Heidelberg",
pages="19--40",
isbn="978-3-540-44647-7"
}



@InProceedings{pei08,
author="Peikert, Chris
and Vaikuntanathan, Vinod
and Waters, Brent",
editor="Wagner, David",
title="A Framework for Efficient and Composable Oblivious Transfer",
booktitle="Advances in Cryptology -- CRYPTO 2008",
year="2008",
publisher="Springer Berlin Heidelberg",
address="Berlin, Heidelberg",
pages="554--571",
abstract="We propose a simple and general framework for constructing oblivious transfer (OT) protocols that are efficient, universally composable, and generally realizable under any one of a variety of standard number-theoretic assumptions, including the decisional Diffie-Hellman assumption, the quadratic residuosity and decisional composite residuosity assumptions, and worst-case lattice assumptions.",
isbn="978-3-540-85174-5"
}

@inproceedings{can01,
 author = {Canetti, R.},
 title = {Universally Composable Security: A New Paradigm for Cryptographic Protocols},
 booktitle = {Proceedings of the 42Nd IEEE Symposium on Foundations of Computer Science},
 series = {FOCS '01},
 year = {2001},
 isbn = {0-7695-1390-5},
 pages = {136--},
 url = {http://dl.acm.org/citation.cfm?id=874063.875553},
 acmid = {875553},
 publisher = {IEEE Computer Society},
 address = {Washington, DC, USA},
 keywords = {cryptographic protocols, security analysis of protocols, concurrent composition}
}

@inproceedings{can02,
 author = {Canetti, Ran and Lindell, Yehuda and Ostrovsky, Rafail and Sahai, Amit},
 title = {Universally Composable Two-party and Multi-party Secure Computation},
 booktitle = {Proceedings of the Thiry-fourth Annual ACM Symposium on Theory of Computing},
 series = {STOC '02},
 year = {2002},
 isbn = {1-58113-495-9},
 location = {Montreal, Quebec, Canada},
 pages = {494--503},
 numpages = {10},
 url = {http://doi.acm.org/10.1145/509907.509980},
 doi = {10.1145/509907.509980},
 acmid = {509980},
 publisher = {ACM},
 address = {New York, NY, USA}
} 



@article{mce78,
author = {J. McEliece, Robert},
year = {1978},
month = {05},
pages = {},
title = {A Public-Key Cryptosystem Based on Algebraic Coding Theory},
volume = {44},
booktitle = {JPL DSN Progress Report}
}

@InProceedings{cre15,
author="Cr{\'e}peau, Claude
and Kazmi, Raza Ali",
editor="Italiano, Giuseppe F.
and Pighizzini, Giovanni
and Sannella, Donald T.",
title="Oblivious Transfer from Weakly Random Self-Reducible Public-Key Cryptosystem",
booktitle="Mathematical Foundations of Computer Science 2015",
year="2015",
publisher="Springer Berlin Heidelberg",
address="Berlin, Heidelberg",
pages="261--273",
isbn="978-3-662-48054-0"
}

@InProceedings{bel89,
author="Bellare, Mihir
and Micali, Silvio",
editor="Brassard, Gilles",
title="Non-Interactive Oblivious Transfer and Applications",
booktitle="Advances in Cryptology --- CRYPTO' 89 Proceedings",
year="1990",
publisher="Springer New York",
address="New York, NY",
pages="547--557",
isbn="978-0-387-34805-6"
}

@inproceedings {alk16,
author = {Erdem Alkim and L{\'e}o Ducas and Thomas P{\"o}ppelmann and Peter Schwabe},
title = {Post-quantum Key Exchange{\textemdash}A New Hope},
booktitle = {25th {USENIX} Security Symposium ({USENIX} Security 16)},
year = {2016},
isbn = {978-1-931971-32-4},
address = {Austin, TX},
pages = {327--343},
url = {https://www.usenix.org/conference/usenixsecurity16/technical-sessions/presentation/alkim},
publisher = {{USENIX} Association},
}

@InProceedings{jao11,
author="Jao, David
and De Feo, Luca",
editor="Yang, Bo-Yin",
title="Towards Quantum-Resistant Cryptosystems from Supersingular Elliptic Curve Isogenies",
booktitle="Post-Quantum Cryptography",
year="2011",
publisher="Springer Berlin Heidelberg",
address="Berlin, Heidelberg",
pages="19--34",
isbn="978-3-642-25405-5"
}

@inproceedings{reg05,
 author = {Regev, Oded},
 title = {On Lattices, Learning with Errors, Random Linear Codes, and Cryptography},
 booktitle = {Proceedings of the Thirty-seventh Annual ACM Symposium on Theory of Computing},
 series = {STOC '05},
 year = {2005},
 isbn = {1-58113-960-8},
 location = {Baltimore, MD, USA},
 pages = {84--93},
 numpages = {10},
 url = {http://doi.acm.org/10.1145/1060590.1060603},
 doi = {10.1145/1060590.1060603},
 acmid = {1060603},
 publisher = {ACM},
 address = {New York, NY, USA},
 keywords = {computational learning theory, cryptography, lattices, public key encryption, quantum computing, statistical queries}
} 

@InProceedings{lyu10,
author="Lyubashevsky, Vadim
and Peikert, Chris
and Regev, Oded",
editor="Gilbert, Henri",
title="On Ideal Lattices and Learning with Errors over Rings",
booktitle="Advances in Cryptology -- EUROCRYPT 2010",
year="2010",
publisher="Springer Berlin Heidelberg",
address="Berlin, Heidelberg",
pages="1--23",
isbn="978-3-642-13190-5"
}




@article{rab81,
  title={How to Exchange Secrets with Oblivious Transfer},
  author={Rabin, Michael O},
  year={1981},
  publisher={Citeseer}
}


@InProceedings{lin00,
author="Lindell, Yehuda
and Pinkas, Benny",
editor="Bellare, Mihir",
title="Privacy Preserving Data Mining",
booktitle="Advances in Cryptology --- CRYPTO 2000",
year="2000",
publisher="Springer Berlin Heidelberg",
address="Berlin, Heidelberg",
pages="36--54",
isbn="978-3-540-44598-2"
}

%%% Code-based OT

@InProceedings{dow08,
author="Dowsley, Rafael
and van de Graaf, Jeroen
and M{\"u}ller-Quade, J{\"o}rn
and Nascimento, Anderson C. A.",
editor="Safavi-Naini, Reihaneh",
title="Oblivious Transfer Based on the {McEliece} Assumptions",
booktitle="Information Theoretic Security",
year="2008",
publisher="Springer Berlin Heidelberg",
address="Berlin, Heidelberg",
pages="107--117"
}

@InProceedings{dav14,
author="David, Bernardo M.
and Dowsley, Rafael
and Nascimento, Anderson C. A.",
editor="Gritzalis, Dimitris
and Kiayias, Aggelos
and Askoxylakis, Ioannis",
title="Universally Composable Oblivious Transfer Based on a Variant of {LPN}",
booktitle="Cryptology and Network Security",
year="2014",
publisher="Springer International Publishing",
address="Cham",
pages="143--158",
isbn="978-3-319-12280-9"
}

@InProceedings{dav12,
author="David, Bernardo M.
and Nascimento, Anderson C. A.
and M{\"u}ller-Quade, J{\"o}rn",
editor="Smith, Adam",
title="Universally Composable Oblivious Transfer from Lossy Encryption and the {McEliece} Assumptions",
booktitle="Information Theoretic Security",
year="2012",
publisher="Springer Berlin Heidelberg",
address="Berlin, Heidelberg",
pages="80--99",
isbn="978-3-642-32284-6"
}

@INPROCEEDINGS{dav11,
author={Bernardo M. David and Anderson C. A. Nascimento},
booktitle={2011 IEEE Information Theory Workshop},
title={Efficient fully simulatable oblivious transfer from the {McEliece} assumptions},
year={2011},
volume={},
number={},
pages={638-642},
keywords={cryptography;McEliece assumptions;common reference string model;cryptographic primitive;simulatable oblivious transfer;Computational modeling;Joints;Probabilistic logic;Protocols;Public key},
doi={10.1109/ITW.2011.6089575},
ISSN={},
month={Oct}
}


%ORKE

@InProceedings{jeo04,
author="Jeong, Ik Rae
and Katz, Jonathan
and Lee, Dong Hoon",
editor="Jakobsson, Markus
and Yung, Moti
and Zhou, Jianying",
title="One-Round Protocols for Two-Party Authenticated Key Exchange",
booktitle="Applied Cryptography and Network Security",
year="2004",
publisher="Springer Berlin Heidelberg",
address="Berlin, Heidelberg",
pages="220--232",
isbn="978-3-540-24852-1"
}



@ARTICLE{dif76,
author={W. Diffie and M. Hellman},
journal={IEEE Transactions on Information Theory},
title={New directions in cryptography},
year={1976},
volume={22},
number={6},
pages={644-654},
keywords={Cryptography;Application software;Communication system security;Computer aided instruction;Computer networks;Costs;Hardware;Information theory;Postal services;Public key cryptography;Telecommunication computing},
doi={10.1109/TIT.1976.1055638},
ISSN={0018-9448},
month={Nov},}


@InProceedings{ber15,
author="Bergsma, Florian
and Jager, Tibor
and Schwenk, J{\"o}rg",
editor="Katz, Jonathan",
title="One-Round Key Exchange with Strong Security: An Efficient and Generic Construction in the Standard Model",
booktitle="Public-Key Cryptography -- PKC 2015",
year="2015",
publisher="Springer Berlin Heidelberg",
address="Berlin, Heidelberg",
pages="477--494",
isbn="978-3-662-46447-2"
}

@InProceedings{boy08,
author="Boyd, Colin
and Cliff, Yvonne
and Gonzalez Nieto, Juan
and Paterson, Kenneth G.",
editor="Mu, Yi
and Susilo, Willy
and Seberry, Jennifer",
title="Efficient One-Round Key Exchange in the Standard Model",
booktitle="Information Security and Privacy",
year="2008",
publisher="Springer Berlin Heidelberg",
address="Berlin, Heidelberg",
pages="69--83",
isbn="978-3-540-70500-0"
}

@InProceedings{fre05,
author="Freedman, Michael J.
and Ishai, Yuval
and Pinkas, Benny
and Reingold, Omer",
editor="Kilian, Joe",
title="Keyword Search and Oblivious Pseudorandom Functions",
booktitle="Theory of Cryptography",
year="2005",
publisher="Springer Berlin Heidelberg",
address="Berlin, Heidelberg",
pages="303--324",
isbn="978-3-540-30576-7"
}

@INPROCEEDINGS{kus97,
author={E. Kushilevitz and R. Ostrovsky},
booktitle={Proceedings 38th Annual Symposium on Foundations of Computer Science},
title={Replication is not needed: single database, computationally-private information retrieval},
year={1997},
volume={},
number={},
pages={364-373},
keywords={information retrieval;communication complexity;database management systems;computationally private information retrieval;data replication;computational private information retrieval problem;quadratic residuosity assumption;communication complexity;Databases;Information retrieval;Complexity theory;Data privacy;Upper bound;History;Indexes;Computer science;Postal services;Polynomials},
doi={10.1109/SFCS.1997.646125},
ISSN={0272-5428},
month={Oct},}

@article{ash17,
 author = {Asharov, Gilad and Lindell, Yehuda and Schneider, Thomas and Zohner, Michael},
 title = {More Efficient Oblivious Transfer Extensions},
 journal = {J. Cryptol.},
 volume = {30},
 number = {3},
  year = {2017},
 pages = {805--858},
} 


@book{burgisser2013algebraic,
  title={Algebraic complexity theory},
  author={B{\"u}rgisser, Peter and Clausen, Michael and Shokrollahi, Mohammad A},
  volume={315},
  year={2013},
  publisher={Springer Science \& Business Media}
}

@misc{cryptoeprint:2020:1307,
    author = {Pedro Branco and Nico Döttling and Sihang Pu},
    title = {Multiparty Cardinality Testing for Threshold Private Set Intersection},
    howpublished = {Cryptology ePrint Archive, Report 2020/1307},
    year = {2020},
    note = {\url{https://eprint.iacr.org/2020/1307}},
}

@misc{EPRINT:GoyVusWat19,
    author = {Rishab Goyal and Satyanarayana Vusirikala and Brent Waters},
    title = {New Constructions of Hinting PRGs, OWFs with Encryption, and more},
    howpublished = {Cryptology ePrint Archive, Report 2019/962},
    year = {2019},
    note = {\url{https://eprint.iacr.org/2019/962}},
}

@misc{EPRINT:2021:728,
    author       = {Navid Alamati and
		    Pedro Branco and
		    Nico Döttling and
		    Sanjam Garg and
		    Mohammad Hajiabadi and
		    Sihang Pu},
    title        = {Laconic Private Set Intersection and Applications},
    howpublished = {Cryptology ePrint Archive, Report 2021/728},
    year         = {2021},
    note         = {\url{https://ia.cr/2021/728}},
}

@article{SICOMP:MicReg07,
author = {Micciancio, Daniele and  Regev, Oded},
title = {Worst‐Case to Average‐Case Reductions Based on Gaussian Measures},
journal = {SIAM Journal on Computing},
volume = {37},
number = {1},
pages = {267-302},
year = {2007},
doi = {10.1137/S0097539705447360},
URL = {https://doi.org/10.1137/S0097539705447360},
eprint = {https://doi.org/10.1137/S0097539705447360}
}



@article{CJTC:AggReg16,
         author={Aggarwal, Divesh and   Regev, Oded},
         title={A Note on Discrete Gaussian Combinations of Lattice Vectors},
         journal={Chicago Journal of Theoretical Computer Science},
         volume={2016},
    number={7},
    month={June},
    year={2016}
}


@misc{Green19,
	author = {Matthew Green},
	year = {2019},
	note = {https://blog.cryptographyengineering.com/2019/12/08/on-client-side-media-scanning/}
}


@InProceedings{PKC:BraDotMat22,
author="Branco, Pedro
and D{\"o}ttling, Nico
and Mateus, Paulo",
editor="Hanaoka, Goichiro
and Shikata, Junji
and Watanabe, Yohei",
title="Two-Round Oblivious Linear Evaluation from Learning with Errors",
booktitle="Public-Key Cryptography -- PKC 2022",
year="2022",
publisher="Springer International Publishing",
address="Cham",
pages="379--408",
abstract="Oblivious Linear Evaluation (OLE) is the arithmetic analogue of the well-know oblivious transfer primitive. It allows a sender, holding an affine function {\$}{\$}f(x)=a+bx{\$}{\$}f(x)=a+bxover a finite field or ring, to let a receiver learn f(w) for a w of the receiver's choice. In terms of security, the sender remains oblivious of the receiver's input w, whereas the receiver learns nothing beyond f(w) about f. In recent years, OLE has emerged as an essential building block to construct efficient, reusable and maliciously-secure two-party computation.",
isbn="978-3-030-97121-2"
}


@incollection{goldreich2019play,
  title={How to play any mental game, or a completeness theorem for protocols with honest majority},
  author={Goldreich, Oded and Micali, Silvio and Wigderson, Avi},
  booktitle={Providing Sound Foundations for Cryptography: On the Work of Shafi Goldwasser and Silvio Micali},
  pages={307--328},
  year={2019}
}
@article{JACM:GolGolMic86,
author = {Goldreich, Oded and Goldwasser, Shafi and Micali, Silvio},
title = {How to Construct Random Functions},
year = {1986},
issue_date = {Oct. 1986},
publisher = {Association for Computing Machinery},
address = {New York, NY, USA},
volume = {33},
number = {4},
issn = {0004-5411},
url = {https://doi.org/10.1145/6490.6503},
doi = {10.1145/6490.6503},
journal = {J. ACM},
month = aug,
pages = {792–807},
numpages = {16}
}



@misc{EPRINT:ADDHMO21,
    author       = {Divesh Aggarwal and
		    Nico Döttling and
		    Jesko Dujmovic and
		    Mohammad Hajiabadi and
		    Giulio Malavolta and
		    Maciej Obremski},
    title        = {Algebraic Restriction Codes and their Applications},
    howpublished = {Cryptology ePrint Archive, Report 2021/1177},
    year         = {2021},
    note         = {\url{https://ia.cr/2021/1177}},
}

@misc{EPRINT:ABDGHP21,
    author       = {Navid Alamati and
		    Pedro Branco and
		    Nico Döttling and
		    Sanjam Garg and
		    Mohammad Hajiabadi and
		    Sihang Pu},
    title        = {Laconic Private Set Intersection and Applications},
    howpublished = {Cryptology ePrint Archive, Report 2021/728},
    year         = {2021},
    note         = {\url{https://ia.cr/2021/728}},
}


@article{MathAnnal:Ban93,
author = {Banaszczyk, W.},
journal = {Mathematische Annalen},
keywords = {transference theorems; upper and lower bounds; reciprocal lattice; convex body; dual lattice; covering radius; successive minima; probability measure},
number = {4},
pages = {625-636},
title = {New bounds in some transference theorems in the geometry of numbers.},
url = {http://eudml.org/doc/165105},
volume = {296},
year = {1993},
}


@inproceedings{STOC:JaiLinSah21,
author = {Jain, Aayush and Lin, Huijia and Sahai, Amit},
title = {Indistinguishability Obfuscation from Well-Founded Assumptions},
year = {2021},
isbn = {9781450380539},
publisher = {Association for Computing Machinery},
address = {New York, NY, USA},
url = {https://doi.org/10.1145/3406325.3451093},
doi = {10.1145/3406325.3451093},
booktitle = {Proceedings of the 53rd Annual ACM SIGACT Symposium on Theory of Computing},
pages = {60–73},
numpages = {14},
keywords = {indistinguishability obfuscation},
location = {Virtual, Italy},
series = {STOC 2021}
}

@article{RabinOT,
  title={How To Exchange Secrets with Oblivious Transfer.},
  author={Rabin, Michael O},
  journal={IACR Cryptol. ePrint Arch.},
  volume={2005},
  number={187},
  year={2005}
}

@misc{freedom-convoy,
title={Digital currency donations for Freedom Convoy evading seizure by authorities},
author={Website},
note = "\url{https://www.cbc.ca/news/canada/ottawa/freedom-convoy-cryptocurrency-asset-seizure-1.6389601}"
}

@misc{donation1,
title={Why Donate Bitcoin, Ethereum, NFTs and other Cryptocurrencies to Charity},
author={Website},
url={https://www.savethechildren.org/us/ways-to-help/ways-to-give/ways-to-help/cryptocurrency-donation}
}

@misc{users,
title={How Many People Own and Use Bitcoin?},
author={Website},
note = "\url{https://www.buybitcoinworldwide.com/how-many-bitcoin-users/}"
}

@misc{donation2,
title={Cryptocurrency Solutions For Institutional Philanthropy},
author={Website},
note = "\url{https://thegivingblock.com}"
}

@misc{donation3,
title={How to Donate Crypto},
author={Website},
note = "\url{https://www.coinbase.com/learn/crypto-basics/how-to-donate-crypto}"
}

@article{receiver1,
  title={Structure and anonymity of the bitcoin transaction graph},
  author={Ober, Micha and Katzenbeisser, Stefan and Hamacher, Kay},
  journal={Future internet},
  volume={5},
  number={2},
  pages={237--250},
  year={2013},
  publisher={Multidisciplinary Digital Publishing Institute}
}

@article{receiver2,
  title={The Bitcoin transaction graph anonymity},
  author={Santamaria Ortega, Marc},
  year={2013},
  publisher={Universitat Oberta de Catalunya}
}

@incollection{receiver3,
  title={An analysis of anonymity in the bitcoin system},
  author={Reid, Fergal and Harrigan, Martin},
  booktitle={Security and privacy in social networks},
  pages={197--223},
  year={2013},
  publisher={Springer}
}

@inproceedings{receiver4,
  title={Quantitative analysis of the full bitcoin transaction graph},
  author={Ron, Dorit and Shamir, Adi},
  booktitle={International Conference on Financial Cryptography and Data Security},
  pages={6--24},
  year={2013},
  organization={Springer}
}

@article{moser2017empirical,
  title={An empirical analysis of traceability in the monero blockchain},
  author={M{\"o}ser, Malte and Soska, Kyle and Heilman, Ethan and Lee, Kevin and Heffan, Henry and Srivastava, Shashvat and Hogan, Kyle and Hennessey, Jason and Miller, Andrew and Narayanan, Arvind and others},
  journal={arXiv preprint arXiv:1704.04299},
  year={2017}
}

@article{courtois2017stealth,
  title={Stealth Address and Key Management Techniques in Blockchain Systems.},
  author={Courtois, Nicolas T and Mercer, Rebekah},
  journal={ICISSP},
  volume={2017},
  pages={559--566},
  year={2017}
}

@misc{stealth1,
title ={Untraceable transactions which can contain a secure message
are inevitable. 2011.},
author={Website},
note = "\url{https://bitcointalk.org/index.php?topic=5965.0}"
}

@misc{stealth2,
title={CrypoNote v 2.0. 2013},
author={Nicolas van Saberhagen},
note = "\url{https://cryptonote.org/whitepaper.pdf}"
}

@misc{stealth3,
title={Stealth Addresses, 2014},
author={Peter Todd},
note = "\url{http://www.mailarchive.com/bitcoin-development@lists.sourceforge.net/msg03613.html}"
}

@misc{umbra,
title={Umbra: Privacy Preserving Stealth Payments},
author={Website},
note = "\url{https://gitcoin.co/grants/821/umbra-privacy-preserving-stealth-payments}"
}


@misc{ecommerce,
title={Cryptocurrency and {e-commerce}},
author={Website},
note = "\url{https://shiphero.com/blog/cryptocurrency-e-commerce/}"
}

@misc{egaming,
title={Cryptocurrency and Online Gaming},
author={Website},
note = "\url{https://forumpay.com/gaming}"
}

@misc{implementation,
note = "\url{https://anonymous.4open.science/r/SPIRIT-2CE8}",
author={Website}
}

@misc{amazon,
title={Amazon Job Posting Hints at Plan to Accept Cryptocurrency},
author={Website},
note = "\url{https://www.bloomberg.com/news/articles/2021-07-26/amazon-job-posting-hints-at-plan-to-accept-cryptocurrency}"
}

@article{DBLP:journals/corr/abs-2109-06576,
  author    = {Istv{\'{a}}n Andr{\'{a}}s Seres and
               Bal{\'{a}}zs Pej{\'{o}} and
               P{\'{e}}ter Burcsi},
  title     = {The Effect of False Positives: Why Fuzzy Message Detection Leads to
               Fuzzy Privacy Guarantees?},
  journal   = {CoRR},
  volume    = {abs/2109.06576},
  year      = {2021},
  url       = {https://arxiv.org/abs/2109.06576},
  eprinttype = {arXiv},
  eprint    = {2109.06576},
  timestamp = {Tue, 21 Sep 2021 17:46:04 +0200},
  biburl    = {https://dblp.org/rec/journals/corr/abs-2109-06576.bib},
  bibsource = {dblp computer science bibliography, https://dblp.org}
}
@INPROCEEDINGS{EUROSP:LYWNW19,  author={Liu, Zhen and Yang, Guomin and Wong, Duncan S. and Nguyen, Khoa and Wang, Huaxiong},  booktitle={2019 IEEE European Symposium on Security and Privacy (EuroS P)},   title={{Key-Insulated} and {Privacy-Preserving} Signature Scheme with Publicly Derived Public Key},   year={2019},  volume={},  number={},  pages={215-230},  doi={10.1109/EuroSP.2019.00025}}

@article{NMR2016, title={Ring Confidential Transactions}, volume={1}, url={https://ledger.pitt.edu/ojs/ledger/article/view/34}, DOI={10.5195/ledger.2016.34}, journal={Ledger}, author={Noether, Shen and Mackenzie, Adam and Research Lab, the Monero}, year={2016}, month={Dec.}, pages={1-18} }


@article{Ingleton56,
author = {Ingleton, A. W.},
title = {The Rank of Circulant Matrices},
journal = {Journal of the London Mathematical Society},
volume = {s1-31},
number = {4},
pages = {445-460},
doi = {https://doi.org/10.1112/jlms/s1-31.4.445},
url = {https://londmathsoc.onlinelibrary.wiley.com/doi/abs/10.1112/jlms/s1-31.4.445},
eprint = {https://londmathsoc.onlinelibrary.wiley.com/doi/pdf/10.1112/jlms/s1-31.4.445},
year = {1956}
}

@inproceedings {USENIX:MSSSV22,
author = {Varun Madathil and Alessandra Scafuro and Istv{\'a}n Andr{\'a}s Seres and Omer Shlomovits and Denis Varlakov},
title = {Private Signaling},
booktitle = {31st USENIX Security Symposium (USENIX Security 22)},
year = {2022},
isbn = {978-1-939133-31-1},
address = {Boston, MA},
pages = {3309--3326},
url = {https://www.usenix.org/conference/usenixsecurity22/presentation/madathil},
publisher = {USENIX Association},
month = aug,
}